@misc{pyflowbatebrc,
    title = {PyFlowBAT: An Open-Source Software Package for Performing High-Throughput Batch Analysis of Flow Cytometry Data},
    author = {\textbf{Eleftheria Beres} and Kathleen Dreyer and Hailey Edelstein and Kate Dray and Joshua Leonard},
    howpublished = {Poster presented at: EBRC Annual Meeting; 2023 Jun 5-6; Evanston, IL},
}
